<record><leader>00000cas a22000007a 4500</leader><controlfield tag="001">11487912</controlfield><controlfield tag="008">841213d19841987nyuwr ne      0   a0eng d</controlfield><datafield ind1=" " ind2=" " tag="010"><subfield code="a">sn 84002158 </subfield></datafield><datafield ind1=" " ind2=" " tag="040"><subfield code="a">NSD</subfield><subfield code="b">eng</subfield><subfield code="c">NSD</subfield><subfield code="d">NYS</subfield><subfield code="d">OCLCQ</subfield></datafield><datafield ind1=" " ind2=" " tag="012"><subfield code="m">1</subfield></datafield><datafield ind1="1" ind2=" " tag="022"><subfield code="a">8756-2065</subfield><subfield code="l">8756-2065</subfield><subfield code="2">1</subfield></datafield><datafield ind1=" " ind2=" " tag="032"><subfield code="a">346720</subfield><subfield code="b">USPS</subfield></datafield><datafield ind1=" " ind2=" " tag="042"><subfield code="a">nsdp</subfield></datafield><datafield ind1="0" ind2=" " tag="130"><subfield code="a">Mid-island Hicksville herald (Hicksville, N.Y. : 1984)</subfield></datafield><datafield ind1=" " ind2="0" tag="222"><subfield code="a">Mid-island Hicksville herald</subfield></datafield><datafield ind1="1" ind2="0" tag="245"><subfield code="a">Mid-island Hicksville herald.</subfield></datafield><datafield ind1="1" ind2="3" tag="246"><subfield code="a">Mid-island Plainview herald</subfield></datafield><datafield ind1="3" ind2="0" tag="246"><subfield code="a">Mid-island herald</subfield></datafield><datafield ind1=" " ind2=" " tag="250"><subfield code="a">Hicksville ed.</subfield></datafield><datafield ind1=" " ind2=" " tag="260"><subfield code="a">Hicksville, N.Y. :</subfield><subfield code="b">[Shiela Noeth]</subfield></datafield><datafield ind1=" " ind2=" " tag="310"><subfield code="a">Weekly (except last week in Dec.)</subfield></datafield><datafield ind1="0" ind2=" " tag="362"><subfield code="a">Vol. 37, no. 38 (Jan. 6, 1984)-</subfield></datafield><datafield ind1=" " ind2="4" tag="651"><subfield code="a">Hicksville (N.Y.)</subfield><subfield code="v">Newspapers.</subfield></datafield><datafield ind1=" " ind2="4" tag="651"><subfield code="a">Jericho (N.Y.)</subfield><subfield code="v">Newspapers.</subfield></datafield><datafield ind1=" " ind2="4" tag="651"><subfield code="a">Nassau County (N.Y.)</subfield><subfield code="v">Newspapers.</subfield></datafield><datafield ind1=" " ind2=" " tag="752"><subfield code="a">United States</subfield><subfield code="b">New York</subfield><subfield code="c">Nassau</subfield><subfield code="d">Hicksville.</subfield></datafield><datafield ind1="0" ind2="0" tag="780"><subfield code="t">Mid-Island &amp; Plainview herald (Hicksville, N.Y. : 1980 : Hicksville ed.)</subfield><subfield code="w">(DLC)sn 94061048</subfield><subfield code="w">(OCoLC)31601099</subfield></datafield><datafield ind1="0" ind2="4" tag="785"><subfield code="t">Hicksville illustrated news</subfield><subfield code="x">0895-5476</subfield><subfield code="w">(DLC)sn 87001895</subfield><subfield code="w">(OCoLC)16687469</subfield></datafield><datafield ind1=" " ind2=" " tag="936"><subfield code="a">Nov. 9, 1984</subfield></datafield><datafield ind1="1" ind2=" " tag="029"><subfield code="a">AU@</subfield><subfield code="b">000020343942</subfield></datafield></record>